<?xml version="1.0" encoding="UTF-8"?><collection xmlns="http://www.loc.gov/MARC21/slim"><record><leader>00276nam--2200097-i-4500</leader><controlfield tag="001">000041885</controlfield><controlfield tag="002">20161230</controlfield><controlfield tag="005">20161230201043</controlfield><controlfield tag="008">060222s1000------------r-----000-0-eng-d</controlfield><datafield ind1=" " ind2=" " tag="245"><subfield code="a">Small power reactors-cost of generation. proposed methods to be used in calculation. 3 p</subfield></datafield><datafield ind1=" " ind2=" " tag="852"><subfield code="a">23746</subfield></datafield></record></collection>